<record xmlns="http://www.loc.gov/MARC21/slim" xmlns:xsi="http://www.w3.org/2001/XMLSchema-instance" xsi:schemaLocation="http://www.loc.gov/MARC21/slim http://www.loc.gov/standards/marcxml/schema/MARC21slim.xsd"><leader>01376nam a2200277   4500</leader><controlfield tag="001">002120593</controlfield><controlfield tag="003">NNU</controlfield><controlfield tag="006">m        d        </controlfield><controlfield tag="007">cr cn |||m|||a</controlfield><controlfield tag="008">140707s1900    ua      o     000 0 ara d</controlfield><datafield ind1=" " ind2=" " tag="040"><subfield code="a">NNU</subfield><subfield code="b">eng</subfield><subfield code="c">NNU</subfield></datafield><datafield ind1=" " ind2=" " tag="090"><subfield code="a">PJ6106</subfield><subfield code="b">.A37 1900</subfield></datafield><datafield ind1="0" ind2=" " tag="100"><subfield code="a">A&#7717;mad ibn H&#257;r&#363;n.</subfield></datafield><datafield ind1="1" ind2="0" tag="240"><subfield code="a">Shar&#7717; al-laf&#7827; al-l&#257;&#700;iq wa-al-ma&#699;n&#225; al-r&#257;&#700;iq f&#299; al-algh&#257;z al-lughaw&#299;yah</subfield></datafield><datafield ind1="1" ind2="0" tag="245"><subfield code="a">Kit&#257;b shar&#7717; al-laf&#7827; al-l&#257;&#700;iq wa-al-ma&#699;n&#225; al-r&#257;&#700;iq f&#299; al-algh&#257;z al-lughaw&#299;yah</subfield><subfield code="h">[electronic resource] /</subfield><subfield code="c">li-Ab&#299; Bakr Shih&#257;b al-D&#299;n A&#7717;mad ibn H&#257;r&#363;n.</subfield></datafield><datafield ind1=" " ind2=" " tag="260"><subfield code="a">Mi&#7779;r :</subfield><subfield code="b">Ma&#7789;ba&#699;at al-Maws&#363;&#699;&#257;t,</subfield><subfield code="c">1900.</subfield></datafield><datafield ind1=" " ind2=" " tag="300"><subfield code="a">online resource (64 p.)</subfield></datafield><datafield ind1=" " ind2=" " tag="500"><subfield code="a">Part of the Arabic Collections Online (ACO) project, contributed by New York Univeristy Libraries.</subfield></datafield><datafield ind1=" " ind2=" " tag="533"><subfield code="a">Electronic reproduction.</subfield><subfield code="b">New York, N.Y. :</subfield><subfield code="c">New York University,</subfield><subfield code="d">2014.</subfield><subfield code="5">NNU</subfield></datafield><datafield ind1=" " ind2="0" tag="650"><subfield code="a">Arabic language</subfield><subfield code="x">Grammar.</subfield></datafield><datafield ind1="2" ind2=" " tag="710"><subfield code="a">New York University.</subfield><subfield code="b">Libraries.</subfield></datafield><datafield ind1="0" ind2=" " tag="730"><subfield code="a">Arabic Collections Online.</subfield></datafield><datafield ind1="0" ind2="1" tag="740"><subfield code="a">Shar&#7717; al-laf&#7827; al-l&#257;&#700;iq wa-al-ma&#699;n&#225; al-r&#257;&#700;iq f&#299; al-algh&#257;z al-lughaw&#299;yah.</subfield></datafield><datafield ind1="0" ind2="8" tag="776"><subfield code="i">Print version:</subfield><subfield code="a">A&#7717;mad ibn H&#257;r&#363;n.</subfield><subfield code="t">Kit&#257;b shar&#7717; al-laf&#7827; al-l&#257;&#700;iq wa-al-ma&#699;n&#225; al-r&#257;&#700;iq f&#299; al-algh&#257;z al-lughaw&#299;yah</subfield><subfield code="w">(NNU)002120593</subfield></datafield><datafield ind1="4" ind2="0" tag="856"><subfield code="u">http://hdl.handle.net/2333.1/tht76k8s</subfield></datafield><datafield ind1=" " ind2=" " tag="959"><subfield code="a">NNU</subfield><subfield code="b">WEB</subfield><subfield code="c">GENI</subfield><subfield code="t">0</subfield><subfield code="m">Electronic access</subfield><subfield code="s">01</subfield></datafield></record>